@Article{Cacciari:2011ma,
    author         = "{M.~Cacciari, G.~P.~Salam and G.~Soyez,}",
    title          = "{FastJet user manual}",
    journal        = "Eur. Phys. J. C",
    volume         = "72",
    year           = "2012",
    pages          = "1896",
    primaryClass   = "hep-ph",
}

@Booklet{ParticleFlow,
    author         = "{ATLAS Collaboration}",
    title          = "{Jet Reconstruction and Performance Using Particle Flow with the ATLAS Detector}",
    howpublished   = "{ATL-XXX}",
    url            = "in preparation",
    year           = "2015",
}

@article{Rehermann:2010vq,
     author         = "Rehermann, Keith and Tweedie, Brock",
     title          = "{Efficient Identification of Boosted Semileptonic Top
                       Quarks at the LHC}",
     journal        = "JHEP",
     volume         = "1103",
     pages          = "059",
     doi            = "10.1007/JHEP03(2011)059",
     year           = "2011",
     eprint         = "1007.2221",
     archivePrefix  = "arXiv",
     primaryClass   = "hep-ph",
     SLACcitation   = "%%CITATION = ARXIV:1007.2221;%%",
}
@article{Martin:2009iq,
      author         = "Martin, A.D. and Stirling, W.J. and Thorne, R.S. and
                        Watt, G.",
      title          = "{Parton distributions for the LHC}",
      journal        = "Eur.Phys.J.",
      volume         = "C63",
      pages          = "189-285",
      doi            = "10.1140/epjc/s10052-009-1072-5",
      year           = "2009",
      eprint         = "0901.0002",
      archivePrefix  = "arXiv",
      primaryClass   = "hep-ph",
      reportNumber   = "IPPP-08-95, DCPT-08-190, CAVENDISH-HEP-08-16",
      SLACcitation   = "%%CITATION = ARXIV:0901.0002;%%",
}

@misc{susyRun1Summary,
  title = {Run 1 Electroweak search summary},
  howpublished = {\url{https://atlas.web.cern.ch/Atlas/GROUPS/PHYSICS/CombinedSummaryPlots/SUSY/ATLAS_SUSY_EWSummary/ATLAS_SUSY_EWSummary.pdf}},
  note = {Accessed: 2015-10-15}
}

@article{Aad:2015eda,
      author         = "Aad, Georges and others",
      title          = "{Search for the electroweak production of supersymmetric
                        particles in $\sqrt{s}$=8 TeV $pp$ collisions with the
                        ATLAS detector}",
      collaboration  = "ATLAS",
      year           = "2015",
      eprint         = "1509.07152",
      archivePrefix  = "arXiv",
      primaryClass   = "hep-ex",
      reportNumber   = "CERN-PH-EP-2015-218",
      SLACcitation   = "%%CITATION = ARXIV:1509.07152;%%"
}

@article{Aad:2015jqa,
      author         = "Aad, Georges and others",
      title          = "{Search for direct pair production of a chargino and a
                        neutralino decaying to the 125 GeV Higgs boson in
                        $\sqrt{s} = 8$  TeV ${pp}$ collisions with the ATLAS
                        detector}",
      collaboration  = "ATLAS",
      journal        = "Eur. Phys. J.",
      volume         = "C75",
      year           = "2015",
      number         = "5",
      pages          = "208",
      doi            = "10.1140/epjc/s10052-015-3408-7",
      eprint         = "1501.07110",
      archivePrefix  = "arXiv",
      primaryClass   = "hep-ex",
      reportNumber   = "CERN-PH-EP-2014-298",
      SLACcitation   = "%%CITATION = ARXIV:1501.07110;%%"
}

@techreport{ATL-PHYS-PUB-2014-010,
      title         = "{Search for Supersymmetry at the high luminosity LHC with
                       the ATLAS experiment}",
      institution   = "CERN",
      address       = "Geneva",
      number        = "ATL-PHYS-PUB-2014-010",
      month         = "Jul",
      year          = "2014",
      reportNumber  = "ATL-PHYS-PUB-2014-010",
      url           = "https://cds.cern.ch/record/1735031",
}

@techreport{Grout:1981548,
      author        = "Grout, Zara Jane and Santoyo Castillo, Itzebelt and
                       Cervelli, Alberto and Mamuzic, Judita and Gecse, Zoltan and
                       Simon, Manuel and Potter, Christina and Mete, Alaettin
                       Serhan and De Santo, Antonella and Petridis, Andreas and
                       Ueno, Ryuichi and Gignac, Matthew and Hines, Elizabeth and
                       Kaplan, Benjamin and Schneider, Basil and Xu, Da",
      title         = "{Re-interpretations and combinations of electroweak limits
                       in 20.3 $fb^{-1}$ pp collisions at $sqrt{s}$ = 8 TeV with the ATLAS
                       detector}",
      institution   = "CERN",
      address       = "Geneva",
      number        = "ATL-COM-PHYS-2015-011",
      month         = "Jan",
      year          = "2015",
      reportNumber  = "ATL-COM-PHYS-2015-011",
      url           = "https://cds.cern.ch/record/1981548",
}


@article{ElectronReco2011,
    archivePrefix = {arXiv},
    arxivId = {1404.2240},
    author = {The ATLAS Collaboration},
    doi = {10.1140/epjc/s10052-014-2941-0},
    eprint = {1404.2240},
    issn = {1434-6044},
    journal = {The European physical journal. C, Particles and fields},
    month = {jan},
    number = {7},
    pages = {2941},
    pmid = {25814900},
    title = {{Electron reconstruction and identification efficiency measurements with the ATLAS detector using the 2011 LHC proton-proton collision data.}},
    url = {http://arxiv.org/abs/1404.2240},
    volume = {74},
    year = {2014}
}